@article{barricelli2019end,
    author = {Barricelli, B.R. and Cassano, F. and Fogli, D. and Piccinno, A.},
    title = {End-user development, end-user programming and end-user software engineering: a systematic mapping study},
    journal = {J. Syst. Softw.},
    volume = {149},
    pages = {101--137},
    year = {2019}
}

@inproceedings{breve2023user,
    author = {Breve, B. and Cimino, G. and Desolda, G. and Deufemia, V. and Elefante, A.},
    title = {On the user perception of security risks of TAP rules: a user study},
    booktitle = {Proceedings of International Symposium on End User Development (IS-EUD 2023)},
    series = {Lecture Notes in Computer Science},
    volume = {13917},
    pages = {162--179},
    publisher = {Springer},
    year = {2023}
}

@article{breve2022identifying,
    author = {Breve, B. and Cimino, G. and Deufemia, V.},
    title = {Identifying security and privacy violation rules in trigger-action IoT platforms with NLP models},
    journal = {IEEE Internet Things J.},
    volume = {10},
    number = {6},
    pages = {5607--5622},
    year = {2022}
}

@article{breve2024hybrid,
    author = {Breve, B. and Cimino, G. and Deufemia, V.},
    title = {Hybrid prompt learning for generating justifications of security risks in automation rules},
    journal = {ACM Trans. Intell. Syst. Technol.},
    volume = {15},
    number = {5},
    pages = {1--26},
    year = {2024}
}

@misc{chen2021evaluating,
    title={Evaluating Large Language Models Trained on Code}, 
    author={Mark Chen and Jerry Tworek and Heewoo Jun and Qiming Yuan and Henrique Ponde de Oliveira Pinto and Jared Kaplan and Harri Edwards and Yuri Burda and Nicholas Joseph and Greg Brockman and Alex Ray and Raul Puri and Gretchen Krueger and Michael Petrov and Heidy Khlaaf and Girish Sastry and Pamela Mishkin and Brooke Chan and Scott Gray and Nick Ryder and Mikhail Pavlov and Alethea Power and Lukasz Kaiser and Mohammad Bavarian and Clemens Winter and Philippe Tillet and Felipe Petroski Such and Dave Cummings and Matthias Plappert and Fotios Chantzis and Elizabeth Barnes and Ariel Herbert-Voss and William Hebgen Guss and Alex Nichol and Igor Mordatch and Maciej Chociej and Jie Tang and Mo Bavarian and Christina Jang and Chris Hesse and Mark Ning and Siqi Ouyang and Chris Brundage and Mira Murati and Ilya Sutskever and Wojciech Zaremba},
    year={2021},
    eprint={2107.03374},
    archivePrefix={arXiv},
    primaryClass={cs.LG}
}

@inproceedings{chen2022practical,
    author = {Chen, Y. and Alhanahnah, M. and Sabelfeld, A. and Chatterjee, R. and Fernandes, E.},
    title = {Practical data access minimization in trigger-action platforms},
    booktitle = {Proceedings of 31st USENIX Security Symposium},
    pages = {2929--2945},
    year = {2022}
}

@article{cimino2025sigfrid,
    author = {Cimino, G. and Deufemia, V.},
    title = {SIGFRID: unsupervised, platform-agnostic interference detection in IoT automation rules},
    journal = {ACM Trans. Internet Things},
    year = {2025}
}

@inproceedings{corcella2019visual,
    author = {Corcella, L. and Manca, M. and Paternò, F. and Santoro, C.},
    title = {A visual tool for analysing IoT trigger/action programming},
    booktitle = {Proceedings of International Working Conference Human-Centered Software Engineering},
    pages = {189--206},
    publisher = {Springer},
    year = {2019}
}

@inproceedings{corno2019empowering,
    author = {Corno, F. and De Russis, L. and Monge Roffarello, A.},
    title = {Empowering end users in debugging trigger-action rules},
    booktitle = {Proceedings of the 2019 CHI Conference on Human Factors in Computing Systems},
    pages = {1--13},
    year = {2019}
}

@article{gao2024chatiot,
    author = {Gao, Y. and Xiao, K. and Li, F. and Xu, W. and Huang, J. and Dong, W.},
    title = {ChatIoT: zero-code generation of trigger-action based IoT programs},
    journal = {Proc. ACM Interact. Mob. Wearable Ubiquit. Technol.},
    volume = {8},
    number = {3},
    pages = {1--29},
    year = {2024}
}

@article{hu2019template,
    author = {Hu, K. and Duan, Z. and Wang, J. and Gao, L. and Shang, L.},
    title = {Template-based AADL automatic code generation},
    journal = {Front. Comput. Sci.},
    volume = {13},
    pages = {698--714},
    year = {2019}
}

@misc{jiang2023mistral,
    title={Mistral 7B},
    author={Albert Q. Jiang and Alexandre Sablayrolles and Arthur Mensch and Chris Bamford and Devendra Singh Chaplot and Diego de las Casas and Florian Bressand and Gianna Lengyel and Guillaume Lample and Lucile Saulnier and Lélio Renard Lavaud and Marie-Anne Lachaux and Pierre Stock and Teven Le Scao and Thibaut Lavril and Thomas Wang and Timothée Lacroix and William El Sayed},
    year={2023},
    eprint={2310.06825},
    archivePrefix={arXiv},
    primaryClass={cs.CL}
}

@misc{jiang2024survey,
    title={A Survey on Large Language Models for Code Generation},
    author={Junda Jiang and Feiyu Wang and Jialun Shen and Sung-Hwan Kim and Seok-Won Kim},
    year={2024},
    eprint={2406.00515},
    archivePrefix={arXiv},
    primaryClass={cs.SE}
}

@article{krishna2021design,
    author = {Krishna, A. and Le Pallec, M. and Mateescu, R. and Salaün, G.},
    title = {Design and deployment of expressive and correct web of things applications},
    journal = {ACM Trans. Internet Things},
    volume = {3},
    number = {1},
    pages = {1--30},
    year = {2021}
}

@incollection{lieberman2006end,
    author = {Lieberman, H. and Paternò, F. and Klann, M. and Wulf, V.},
    title = {End-user development: an emerging paradigm},
    booktitle = {End User Development},
    pages = {1--8},
    publisher = {Springer},
    year = {2006}
}

@inproceedings{ling2016latent,
    author = {Ling, W. and Grefenstette, E. and Hermann, K.M. and Kočiský, T. and Senior, A. and Wang, F. and Blunsom, P.},
    title = {Latent predictor networks for code generation},
    booktitle = {Proceedings of the 54th Annual Meeting of the Association for Computational Linguistics (Volume 1: Long Papers)},
    pages = {599--609},
    year = {2016}
}

@article{paterno2013end,
    author = {Paternò, F.},
    title = {End user development: survey of an emerging field for empowering people},
    journal = {Int. Scholarly Res. Not.},
    volume = {2013},
    year = {2013},
    pages = {532659}
}

@misc{touvron2023llama,
    title={Llama 2: Open Foundation and Fine-Tuned Chat Models},
    author={Hugo Touvron and Louis Martin and Kevin Stone and Peter Albert and Amjad Almahairi and Yasmine Babaei and Nikolay Bashlykov and Soumya Batra and Prajjwal Bhargava and Shruti Bhosale and Dan Bikel and Lukas Blecher and Cristian Canton Ferrer and Moya Chen and Guillem Cucurull and David Esiobu and Jude Fernandes and Jeremy Fu and Wenyin Fu and Brian Fuller and Cynthia Gao and Vedanuj Goswami and Naman Goyal and Anthony Hartshorn and Saghar Hosseini and Rui Hou and Hakan Inan and Marcin Kardas and Viktor Kerkez and Madian Khabsa and Isabel Kloumann and Artem Korenev and Punit Singh Koura and Marie-Anne Lachaux and Thibaut Lavril and Jenya Lee and Diana Liskovich and Yinghai Lu and Yuning Mao and Xavier Martinet and Todor Mihaylov and Pushkar Mishra and Igor Molybog and Yixin Nie and Andrew Poulton and Jeremy Reizenstein and Rashi Rungta and Kalyan Saladi and Alan Schelten and Ruan Silva and Eric Michael Smith and Ranjan Subramanian and Xiaoqing Ellen Tan and Binh Tang and Ross Taylor and Adina Williams and Jian Xiang Kuan and Puxin Xu and Zheng Yan and Iliyan Zarov and Yuchen Zhang and Angela Fan and Melanie Kambadur and Sharan Narang and Aurelien Rodriguez and Robert Stojnic and Sergey Edunov and Thomas Scialom},
    year={2023},
    eprint={2307.09288},
    archivePrefix={arXiv},
    primaryClass={cs.CL}
}

@inproceedings{ur2014practical,
    author = {Ur, B. and McManus, E. and Pak, Y.H. and Littman, M.L.},
    title = {Practical trigger-action programming in the smart home},
    booktitle = {Proceedings of the SIGCHI Conference on Human Factors in Computing Systems},
    pages = {803--812},
    year = {2014}
}

@inproceedings{wang2021codet5,
    author = {Wang, Y. and Wang, W. and Joty, S. and Hoi, S.C.H.},
    title = {CodeT5: identifier-aware unified pre-trained encoder-decoder models for code understanding and generation},
    booktitle = {Proceedings of the 2021 Conference on Empirical Methods in Natural Language Processing},
    pages = {8696--8708},
    year = {2021}
}

@misc{yin2017syntactic,
    title={A Syntactic Neural Model for General-Purpose Code Generation},
    author={Pengcheng Yin and Graham Neubig},
    year={2017},
    eprint={1704.01696},
    archivePrefix={arXiv},
    primaryClass={cs.CL}
}

@inproceedings{yusuf2022recipegen,
    author = {Yusuf, I.N.B. and Jamal, D.B.A. and Jiang, L. and Lo, D.},
    title = {RecipeGen++: an automated trigger action programs generator},
    booktitle = {Proceedings of the ACM Joint European Software Engineering Conference and Symposium on the Foundations of Software Engineering},
    pages = {1672--1676},
    year = {2022}
}

@inproceedings{yusuf2022accurate,
    author = {Yusuf, I.N.B. and Jamal, D.B.A. and Jiang, L. and Lo, D.},
    title = {Accurate generation of trigger-action programs with domain-adapted sequence-to-sequence learning},
    booktitle = {Proceedings of the IEEE/ACM International Conference on Program Comprehension},
    pages = {99--110},
    year = {2022}
}

@inproceedings{zhang2019autotap,
    author = {Zhang, L. and He, W. and Martinez, J. and Brackenbury, N. and Lu, S. and Ur, B.},
    title = {AutoTap: synthesizing and repairing trigger-action programs using LTL properties},
    booktitle = {Proceedings of IEEE/ACM 41st International Conference on Software Engineering},
    pages = {281--291},
    year = {2019}
}

@article{zhang2023helping,
    author = {Zhang, L. and Zhou, C. and Littman, M.L. and Ur, B. and Lu, S.},
    title = {Helping users debug trigger-action programs},
    journal = {Proc. ACM Interact. Mob. Wearable Ubiquit. Technol.},
    volume = {6},
    number = {4},
    pages = {1--32},
    year = {2023}
}

@misc{zhong2017seq2sql,
    title={Seq2SQL: Generating Structured Queries from Natural Language using Reinforcement Learning},
    author={Victor Zhong and Caiming Xiong and Richard Socher},
    year={2017},
    eprint={1709.00103},
    archivePrefix={arXiv},
    primaryClass={cs.CL}
}

@inproceedings{yu2021dataset,
  author = {Yu, Haoxiang and Hua, Jie and Julien, Christine},
  title = {Dataset: Analysis of IFTTT Recipes to Study How Humans Use Internet-of-Things (IoT) Devices},
  year = {2021},
  booktitle = {Proceedings of the 19th ACM Conference on Embedded Networked Sensor Systems},
  pages = {537--541},
  publisher = {Association for Computing Machinery},
  doi = {10.1145/3485730.3494115}
}

@inproceedings{bajwa2006rule,
    author = {Bajwa, I.S. and Siddique, M.I. and Choudhary, M.A.},
    title = {Rule based production systems for automatic code generation in Java},
    booktitle = {Proceedings of 1st International Conference on Digital Information Management},
    pages = {300--305},
    year = {2006}
}

@misc{bang2023multitask,
    title={A Multitask, Multilingual, Multimodal Evaluation of ChatGPT on Reasoning, Hallucination, and Interactivity}, 
    author={Yejin Bang and Samuel Cahyawijaya and Nayeon Lee and Wenliang Dai and Dan Su and Bryan Wilie and Holy Lovenia and Zhi-Qi Kenny Yeo and Xiangyao Leong and Yew-Ken Chia and others},
    year={2023},
    eprint={2302.04023},
    archivePrefix={arXiv},
    primaryClass={cs.CL}
}